<?xml version="1.0"?>
<marc:collection xmlns:marc="http://www.loc.gov/MARC21/slim" xmlns:xsi="http://www.w3.org/2001/XMLSchema-instance" xsi:schemaLocation="http://www.loc.gov/MARC21/slim http://www.loc.gov/standards/marcxml/schema/MARC21slim.xsd">
   <marc:record type="Bibliographic">
      <marc:leader>01221cam a2200301Ia 4500</marc:leader>
      <marc:controlfield tag="001">4780281</marc:controlfield>
      <marc:controlfield tag="003">NjP</marc:controlfield>
      <marc:controlfield tag="005">20100811104033.0</marc:controlfield>
      <marc:controlfield tag="008">950106q19341935ua            000 0 ara d</marc:controlfield>
      <marc:datafield tag="024" ind1="7" ind2=" ">
         <marc:subfield code="a">princeton_aco000085</marc:subfield>
         <marc:subfield code="2">local</marc:subfield>
      </marc:datafield>
      <marc:datafield tag="035" ind1=" " ind2=" ">
         <marc:subfield code="a">(OCoLC)ocn179591552</marc:subfield>
      </marc:datafield>
      <marc:datafield tag="035" ind1=" " ind2=" ">
         <marc:subfield code="a">(OCoLC)ocm31773749</marc:subfield>
      </marc:datafield>
      <marc:datafield tag="035" ind1=" " ind2=" ">
         <marc:subfield code="a">(OCoLC)179591552</marc:subfield>
      </marc:datafield>
      <marc:datafield tag="035" ind1=" " ind2=" ">
         <marc:subfield code="a">(NjP)4780281</marc:subfield>
      </marc:datafield>
      <marc:datafield tag="040" ind1=" " ind2=" ">
         <marc:subfield code="a">CUS</marc:subfield>
         <marc:subfield code="c">PUL</marc:subfield>
         <marc:subfield code="d">PUL</marc:subfield>
      </marc:datafield>
      <marc:datafield tag="049" ind1=" " ind2=" ">
         <marc:subfield code="a">PULL</marc:subfield>
      </marc:datafield>
      <marc:datafield tag="079" ind1=" " ind2=" ">
         <marc:subfield code="a">ocm31773749</marc:subfield>
      </marc:datafield>
      <marc:datafield tag="090" ind1=" " ind2=" ">
         <marc:subfield code="a">PJ6190</marc:subfield>
         <marc:subfield code="b">.A8 1934</marc:subfield>
      </marc:datafield>
      <marc:datafield tag="100" ind1="1" ind2=" ">
         <marc:subfield code="6">880-01</marc:subfield>
         <marc:subfield code="a">&#x2BB;Askari&#x304;, Abu&#x304; Hila&#x304;l al-H&#x323;asan ibn &#x2BB;Abd Alla&#x304;h.</marc:subfield>
      </marc:datafield>
      <marc:datafield tag="245" ind1="1" ind2="3">
         <marc:subfield code="6">880-02</marc:subfield>
         <marc:subfield code="a">al-Furu&#x304;q al-lughawi&#x304;yah /</marc:subfield>
         <marc:subfield code="c">li-al-ima&#x304;m al-adi&#x304;b al-lughawi&#x304; Abi&#x304; Hila&#x304;l al-&#x2BB;Askari&#x304;.</marc:subfield>
      </marc:datafield>
      <marc:datafield tag="260" ind1=" " ind2=" ">
         <marc:subfield code="6">880-03</marc:subfield>
         <marc:subfield code="a">Cairo :</marc:subfield>
         <marc:subfield code="b">Maktabat al-Qudsi&#x304;,</marc:subfield>
         <marc:subfield code="c">1353 [1934 or 1935]</marc:subfield>
      </marc:datafield>
      <marc:datafield tag="300" ind1=" " ind2=" ">
         <marc:subfield code="a">259 p. ;</marc:subfield>
         <marc:subfield code="c">26 cm.</marc:subfield>
      </marc:datafield>
      <marc:datafield tag="650" ind1=" " ind2="0">
         <marc:subfield code="a">Arabic language</marc:subfield>
         <marc:subfield code="x">Synonyms and antonyms.</marc:subfield>
      </marc:datafield>
      <marc:datafield tag="650" ind1=" " ind2="0">
         <marc:subfield code="a">Arabic language</marc:subfield>
         <marc:subfield code="x">Semantics.</marc:subfield>
      </marc:datafield>
      <marc:datafield tag="880" ind1="1" ind2=" ">
         <marc:subfield code="6">100-01/r</marc:subfield>
         <marc:subfield code="a">&#x639;&#x633;&#x643;&#x631;&#x64A;&#x60C; &#x627;&#x628;&#x648; &#x647;&#x644;&#x627;&#x644; &#x627;&#x644;&#x62D;&#x633;&#x646; &#x628;&#x646; &#x639;&#x628;&#x62F; &#x627;&#x644;&#x644;&#x647;.</marc:subfield>
      </marc:datafield>
      <marc:datafield tag="880" ind1="1" ind2="2">
         <marc:subfield code="6">245-02/r</marc:subfield>
         <marc:subfield code="a">&#x627;&#x644;&#x641;&#x631;&#x648;&#x642; &#x627;&#x644;&#x644;&#x63A;&#x648;&#x64A;&#x629; /</marc:subfield>
         <marc:subfield code="c">&#x644;&#x627;&#x644;&#x627;&#x645;&#x627;&#x645; &#x627;&#x644;&#x627;&#x62F;&#x64A;&#x628; &#x627;&#x644;&#x644;&#x63A;&#x648;&#x64A; &#x627;&#x628;&#x64A; &#x647;&#x644;&#x627;&#x644; &#x627;&#x644;&#x639;&#x633;&#x643;&#x631;&#x64A;.</marc:subfield>
      </marc:datafield>
      <marc:datafield tag="880" ind1=" " ind2=" ">
         <marc:subfield code="6">260-03/r</marc:subfield>
         <marc:subfield code="a">&#x627;&#x644;&#x642;&#x627;&#x647;&#x631;&#x629; :</marc:subfield>
         <marc:subfield code="b">&#x645;&#x643;&#x62A;&#x628;&#x629; &#x627;&#x644;&#x642;&#x62F;&#x633;&#x64A;&#x60C;</marc:subfield>
         <marc:subfield code="c">1353 [1934 or 1935]</marc:subfield>
      </marc:datafield>
      <marc:datafield tag="852" ind1="0" ind2=" ">
         <marc:subfield code="b">nec</marc:subfield>
         <marc:subfield code="h">PJ6190</marc:subfield>
         <marc:subfield code="i">.A8 1934a</marc:subfield>
         <marc:subfield code="p">4996460</marc:subfield>
         <marc:subfield code="x">reclassed from: 2264.217.337 1970a</marc:subfield>
      </marc:datafield>
      <marc:datafield tag="994" ind1=" " ind2=" ">
         <marc:subfield code="a">C0</marc:subfield>
         <marc:subfield code="b">PUL</marc:subfield>
      </marc:datafield>
      <marc:datafield tag="999" ind1=" " ind2=" ">
         <marc:subfield code="a">4780281</marc:subfield>
      </marc:datafield>
   </marc:record>
</marc:collection>
